@article{tokarev11pas,
  title={Platelet adhesion from shear blood flow is controlled by near-wall rebounding collisions with erythrocytes},
  author={Tokarev, A. A. and Butylin, A. A. and Ataullakhanov, F. I.},
  journal={Biophysical Journal},
  pages={799--808},
  year={2011}
}