@article{doggett02slk,
  title={Selectin-like kinetics and biomechanics promote rapid platelet adhesion in flow: the GP1b$\alpha$-vWF tether bond},
  author={Doggett, T. A. and Girdhar, G. and Lawsh\'{e}, A. and Schmidtke, D. W. and Laurenzi, I. J. and Diamond, S. L. and Diacovo, T. G.},
  journal={Biophysical Journal},
  pages={194--205},
  year={2002}
}

@article{doggett03aip,
  title={Alterations in the intrinsic properties of the GPIb$\alpha$-vWF tether bond define the kinetics of the platelet-type von Willebrand disease mutation, Gly233Val},
  author={Doggett, T. A. and Girdhar, G. and Lawsh\'{e}, A. and Miller, J. L. and Laurenzi, I. J. and Diamond, S. L. and Diacovo, T. G.},
  journal={Blood},
  pages={152--160},
  year={2003}
}